%! Author = PC
%! Date = 9/11/2023



@book{wooldridge-2016,
  title={Introductory econometrics: Asia pacific edition with online study tools 12 months},
  author={Wooldridge, Jeffrey M and Wadud, Mokhtarul and Lye, Jenny},
  year={2016},
  publisher={Cengage AU}
}
