%! Author = PC
%! Date = 9/11/2023

@book{zill-2012,
	title={A first course in differential equations with modeling applications},
	author={Zill, Dennis G},
	year={2012},
	publisher={Cengage Learning}
}
